@book{dsieur-under-contract,
  author = {Emily A. Bovee and Ryan A. Estrellado and Jesse Mostipak and Joshua M. Rosenberg and Isabella C. VelaÃÅsquez},
  title = {Data science in education using R},
  year = {under contract},
  publisher = {Routledge},
  url = {https://datascienceineducation.com},
 }
 
 @article{wikipedia2019,
    author={Wikipedia},
    title={BibTeX},
    year={2019},
    url={https://en.wikipedia.org/wiki/BibTeX}
}